	
	% Some general examples of bibliography entries
	@book{Hellerstein2004,
		author = {Hellerstein, Joseph L. and Diao, Yixin and Parekh, Sujay and Tilbury, Dawn M.},
		title = {Feedback Control of Computing Systems},
		year = {2004},
		isbn = {047126637X},
		publisher = {John Wiley \& Sons},
	} 
	
	@inproceedings{Yun2015,
		author = {Yun, Se-Young and Proutiere, Alexandre},
		title = {Distributed Proportional Fair Load Balancing in Heterogenous Systems},
		booktitle = {Proceedings of the 2015 ACM SIGMETRICS International Conference on Measurement and Modeling of Computer Systems},
		series = {SIGMETRICS '15},
		year = {2015},
		isbn = {978-1-4503-3486-0},
		location = {Portland, Oregon, USA},
		pages = {17--30},
		numpages = {14},
		doi = {10.1145/2745844.2745861},
		acmid = {2745861},
		publisher = {ACM},
		address = {New York, NY, USA},
		keywords = {distributed scheduling, game theory, load balancing, stability},
	}
	
	@article{openclosed2,
		author = {Alomari, Firas and Menasce, Daniel A.},
		title = {Efficient Response Time Approximations for Multiclass Fork and Join Queues in Open and Closed Queuing Networks},
		journal = {IEEE Trans. Parallel Distrib. Syst.},
		issue_date = {June 2014},
		volume = {25},
		number = {6},
		month = jun,
		year = {2014},
		issn = {1045-9219},
		pages = {1437--1446},
		numpages = {10},
		doi = {10.1109/TPDS.2013.70},
		acmid = {2707624},
		publisher = {IEEE Press},
		address = {Piscataway, NJ, USA},
	}
	
	% Useful latex references
	@article{IEEETranLatex,
		author = {Michael Shell},
		title = {How to Use the IEEEtran \LaTeX\ Class},
		journaltitle = {Journal of \LaTeX\ Class Files},
		date = {August 2015},
		volume = {14},
		number = {8},
	}
		
	@online{latexwiki,
		title = {General \LaTeX\ Guide},
		urldate = {2017-10-29},
		url = {https://en.wikibooks.org/wiki/LaTeX},
	}
	
	@online{mathslatexwiki,
		title = {\LaTeX\ Guide for Maths},
		urldate = {2017-10-29},
		url = {https://en.wikibooks.org/wiki/LaTeX/Mathematics},
	}
	
	@online{tablelatexwiki,
		title = {\LaTeX\ Guide for Tables},
		urldate = {2017-10-29},
		url = {https://en.wikibooks.org/wiki/LaTeX/Tables},
	}
