
	
@article{MPC2019,
	author = {Ghazaei Ardakani, M. Mahdi and Olofsson, Björn and Robertsson, Anders},
	title = {Model Predictive Control for Real-Time Point-to-Point Trajectory Generation},
	journal = {IEEE Trans. Automation Science and Engineering},
	issue_date = {April 2019},
	volume = {16},
	number = {2},
	month = apr,
	year = {2019},
	issn = {1545-5955},
	pages = {972--983},
	numpages = {12},
	%doi = {10.1109/TPDS.2013.70},
	%acmid = {2707624},
	publisher = {IEEE Press},
	address = {Piscataway, NJ, USA},
}

@article{MPC2015,
	author = {Ghazaei Ardakani, M. Mahdi and Olofsson, Björn and Robertsson, Anders},
	title = {Real-Time Trajectory Generation using Model Predictive Control},
	journal = {IEEE Conference Automation Science and Engineering},
	%issue_date = {April 2015},
	%volume = {16},
	%number = {2},
	%month = apr,
	year = {2015},
	%issn = {1545-5955},
	pages = {942--948},
	numpages = {8},
	%doi = {10.1109/TPDS.2013.70},
	%acmid = {2707624},
	publisher = {IEEE Press},
	address = {Piscataway, NJ, USA},
}

@online{frankadocs,
	title = {Franka Control Interface Documentation},
	urldate = {2019-12-03},
	url = {https://frankaemika.github.io/docs/index.html},
}

@manual{Wittenmark,
	author = {Wittenmark, Björn and Åström, Karl Johan and Årzén, Karl-Erik},
	title = {IFAC Professional Brief, Computer Control: An Overview},
	year = {2016},
	organization = {Department of Automatic Control, Lund Institute of Technology},
	pages = {15--21},
} 

@online{frankaweb,
	title = {Franka Emika},
	urldate = {2019-12-03},
	url = {https://www.franka.de/technology},
}

@online{cvxgen,
	title = {CVXGEN: Code Generation for Convex Optimization},
	urldate = {2019-12-04},
	url = {https://cvxgen.com/docs/index.html},
	organization = {CVXGEN, LLC.},
}

@online{gitrepo,
    title = {Git Repository of Group F, FRTN40 2019},
    urldate = {2020-01-08},
    url = {https://gitlab.control.lth.se/regler/FRTN40/2019/groupf},
    organization = {GitLab Community control.lth.se},
}